@inproceedings{uniprotxsd,
    author = {Allyson Williams and Kai Runte},
    title = {{XML} Format of the {UniProt} Knowledgebase},
    booktitle = {12th International Conference on Intelligent Systems for Molecular Biology (ISMB 2004)},
    month = {August},
    year = {2004},
    address = {Glasgow, Scotland},
    note = {\url{http://www.ebi.uniprot.org/support/docs/uniprot.xsd}}
}

@misc{godtd,
    author = {Gene Ontology Database},
    title = {Gene Ontology {OBO XML DTD}},
    note = {\url{http://archive.godatabase.org/latest/go_200607-obo-xml.dtd.gz}}
}

@article{riley-e-coli,
    author = {Monica Riley and Takashi Abe and Martha B. Arnaud and Mary {K. B.} Berlyn and Frederick R. Blattner and Roy R. Chaudhuri and Jeremy D. Glasner and Takashi Horiuchi and Ingrid M. Keseler and Takehide Kosuge and Hirotada mori and Nicole T. Perna and Guy {Plunkett III} and Kenneth E. Rudd and Margrethe H. Serres and Gavin H. Thomas and Nicholas R. Thomson and David Wishart and Barry L. Wanner},
    title = {Escherichia coli K-12: a cooperatively developed annotation snapshot},
    journal = {Nucleic Acids Research},
    volume = 34,
    number = 1,
    pages = {1--9},
    year = 2006
}
