@article {
    genmapp:ng,
    author = {K. D. Dahlquist and N. Salomonis and K. Vranizan and S. C. Lawlor and B. R. Conklin},
    title = {{GenMAPP}, A New Tool for Viewing and Analyzing Microarray Data on Biological Pathways},
    journal = {Nature Genetics},
    volume = 31,
    month = {May},
    year = 2002,
    pages = {19--20},
    note = {\url{http://www.nature.com/ng/journal/v31/n1/full/ng0502-19.html}}
}

@article {
    mappfinder:gb,
    author = {S. W. Doniger and N. Salomonis and K. D. Dahlquist and K. Vranizan and S. C. Lawlor and B. R. Conklin},
    title = {{MAPPFinder}: Using Gene Ontology and {GenMAPP} to Create a Global Gene-Expression Profile from Microarray Data},
    journal = {Genome Biology},
    year = 2003,
    volume = 4,
    number = {R7},
    note = {\url{http://genomebiology.com/2003/4/1/R7}}
}

@incollection {
    genmapp:bax,
    author = {K. D. Dahlquist and B. R. Conklin},
    title = {Using {GenMAPP} and {MAPPFinder} to View Microarray Data on Biological Pathways and Identify Global Trends in the Data},
    booktitle = {Current Protocols in Bioinformatics},
    year = 2004,
    editor = {A. D. Baxevanis and D. B. Davison and R. Page and L. Stein and G. Stormo},
    publisher = {John Wiley \& Sons, Inc.},
    address = {New York, NY},
    pages = {7.5.1--7.5.26},
    note = {\url{http://www.mrw.interscience.wiley.com/cp/cpbi/articles/bi0705/frame.html}}
}

@misc{
	uniprotWeb,
	author = {UniProt},
	note = {\url{http://www.uniprot.org}},
	title = {UniProt [the Universal Protein Resource]},
	year = {2006}
}

@misc{
	geneontologyWeb,
	author = {Gene Ontology},
	note = {\url{http://www.geneontology.org}},
	title = {Gene Ontology [the Gene Ontology]},
	year = {2006}
}
	
@misc{
	hyperjaxb,
	author = {Hyperjaxb2},
	title = {Hyperjaxb2 - relational persistence for JAXB objects},
	note = {\url{https://hyperjaxb2.dev.java.net}},
	year = {2006}
}
	
@misc{
	noSupport,
	author = {GenMAPP},
	title = {Creating a GenMAPP database for a non-supported species},
	note = {\url{http://www.genmapp.org/tutorials/Creating_a_GenMAPP_database_for_a_non-supported_species.pdf}},
	year = {2006}
}
	
@misc{
	ensembl,
	author = {Ensembl},
	title = {Ensembl Genome Browser},
	note = {\url{http://www.ensembl.org}},
	year = {2006}
}

@misc{
	genmapp,
	author = {GenMAPP},
	title = {GenMAPP Home Page},
	note = {\url{http://www.genmapp.org}},
	year = {2006}
}

@inbook{
	baxevanis:ch1,
	author = {A D Baxevanis and B F Francis Ouellette },
	title = {Bioinformatics: A practical guide to the analysis of genes and proteins},
	chapter = {Chapter 1: Sequence Databases)},
	edition = {3rd},
	publisher = {Wiley-Liss},
	year = {2005}
}

@inproceedings{uniprotxsd,
    author = {Allyson Williams and Kai Runte},
    title = {{XML} Format of the {UniProt} Knowledgebase},
    booktitle = {12th International Conference on Intelligent Systems for Molecular Biology (ISMB 2004)},
    month = {August},
    year = {2004},
    address = {Glasgow, Scotland},
    note = {\url{http://www.ebi.uniprot.org/support/docs/uniprot.xsd}}
}

@misc{godtd,
    author = {Gene Ontology Database},
    title = {Gene Ontology {OBO XML DTD}},
    note = {\url{http://archive.godatabase.org/latest/go_200607-obo-xml.dtd.gz}}
}

@article{riley-e-coli,
    author = {Monica Riley and Takashi Abe and Martha B. Arnaud and Mary {K. B.} Berlyn and Frederick R. Blattner and Roy R. Chaudhuri and Jeremy D. Glasner and Takashi Horiuchi and Ingrid M. Keseler and Takehide Kosuge and Hirotada mori and Nicole T. Perna and Guy {Plunkett III} and Kenneth E. Rudd and Margrethe H. Serres and Gavin H. Thomas and Nicholas R. Thomson and David Wishart and Barry L. Wanner},
    title = {Escherichia coli K-12: a cooperatively developed annotation snapshot},
    journal = {Nucleic Acids Research},
    volume = 34,
    number = 1,
    pages = {1--9},
    year = 2006
}
