@inproceedings{uniprotxsd,
    author = {Allyson Williams and Kai Runte},
    title = {{XML} Format of the {UniProt} Knowledgebase},
    booktitle = {12th International Conference on Intelligent Systems for Molecular Biology (ISMB 2004)},
    month = {August},
    year = {2004},
    address = {Glasgow, Scotland},
    note = {\url{http://www.ebi.uniprot.org/support/docs/uniprot.xsd}}
}

@misc{godtd,
    author = {Gene Ontology Database},
    title = {Gene Ontology {OBO XML DTD}},
    note = {\url{http://archive.godatabase.org/latest/go_200607-obo-xml.dtd.gz}}
}
