@article {
    genmapp:ng,
    author = {K. D. Dahlquist and N. Salomonis and K. Vranizan and S. C. Lawlor and B. R. Conklin},
    title = {{GenMAPP}, A New Tool for Viewing and Analyzing Microarray Data on Biological Pathways},
    journal = {Nature Genetics},
    volume = 31,
    month = {May},
    year = 2002,
    pages = {19--20},
    note = {\url{http://www.nature.com/ng/journal/v31/n1/full/ng0502-19.html}}
}

@article {
    mappfinder:gb,
    author = {S. W. Doniger and N. Salomonis and K. D. Dahlquist and K. Vranizan and S. C. Lawlor and B. R. Conklin},
    title = {{MAPPFinder}: Using Gene Ontology and {GenMAPP} to Create a Global Gene-Expression Profile from Microarray Data},
    journal = {Genome Biology},
    year = 2003,
    volume = 4,
    number = {R7},
    note = {\url{http://genomebiology.com/2003/4/1/R7}}
}

@incollection {
    genmapp:bax,
    author = {K. D. Dahlquist and B. R. Conklin},
    title = {Using {GenMAPP} and {MAPPFinder} to View Microarray Data on Biological Pathways and Identify Global Trends in the Data},
    booktitle = {Current Protocols in Bioinformatics},
    year = 2004,
    editor = {A. D. Baxevanis and D. B. Davison and R. Page and L. Stein and G. Stormo},
    publisher = {John Wiley \& Sons, Inc.},
    address = {New York, NY},
    pages = {7.5.1--7.5.26},
    note = {\url{http://www.mrw.interscience.wiley.com/cp/cpbi/articles/bi0705/frame.html}}
}

@misc{
	uniprotWeb,
	author = {UniProt},
	note = {\url{http://www.uniprot.org}},
	title = {UniProt [the Universal Protein Resource]},
	year = {2006}
}
	
@misc{
	hyperjaxb,
	author = {Hyperjaxb2},
	title = {Hyperjaxb2 - relational persistence for JAXB objects},
	note = {\url{https://hyperjaxb2.dev.java.net}},
	year = {2006}
}
	
